@misc{artalejoretrial,
  title={Retrial queueing systems: a computational approach},
  author={Artalejo, Jesus R and G{\'o}mez-Corral, Antonio},
  doi={10.1007/978-3-540-78725-9},
  year={2008},
  totalpages={320},
  publisher={Springer, Berlin}
}

@article{deslauriers2007markov,
title={Markov chain models of a telephone call center with call blending},
author={Deslauriers, Alexandre and L'Ecuyer, Pierre and Pichitlamken, Juta and Ingolfsson, Armann and Avramidis, Athanassios N},
journal={Computers \& operations research},
volume={34},
number={6},
pages={1616--1645},
year={2007},
publisher={Elsevier}
}

@book{falin1997retrial,
title={Retrial queues},
author={Falin, Gennadi and Templeton, James GC},
volume={75},
year={1997},
totalpages={320},
publisher={CRC Press}
}

@incollection{paul2018retrial,
  title={Retrial Queueing Model with Two-Way Communication, Unreliable Server and Resume of Interrupted Call for Cognitive Radio Networks},
  author={Paul, Svetlana and Phung-Duc, Tuan},
  booktitle={Information Technologies and Mathematical Modelling. Queueing Theory and Applications},
  pages={213--224},
  year={2018},
  publisher={Springer}
}

@article{burke1956output,
  title={The output of a queuing system},
  author={Burke, Paul J},
  journal={Operations research},
  volume={4},
  number={6},
  pages={699--704},
  year={1956},
  publisher={INFORMS}
}

@article{reich1957waiting,
  title={Waiting times when queues are in tandem},
  author={Reich, Edgar},
  journal={The annals of mathematical statistics},
  volume={28},
  number={3},
  pages={768--773},
  year={1957},
  publisher={JSTOR}
}

@article{mirasol1963letter,
  title={The output of an M/G/$\infty$ queuing system is poisson},
  author={Mirasol, Noel M},
  journal={Operations Research},
  volume={11},
  number={2},
  pages={282--284},
  year={1963},
  publisher={INFORMS}
}

@phdthesis{lapatin2012research,
  title={Research of mathematical models of the output flows in infinite-server queueing systems},
  author={Lapatin, Ivan Leonidovich},
  school = {Tomsk State University},
  year={2012},
  language = {Russian}
}

@inproceedings{lapatin2018research,
title = {Research of the output process in retrial queue M/M/1 under low rate of retrials limit condition},
author = {Lapatin, Ivan Leonidovich and Nazarov, Anatoly Andreevich},
booktitle = {Distributed computer and communication networks: control, computation, communications (DCCN-2018)},
year = {2018},
publisher = {Springer},
pages = {246--253},
language = {Russian}
}

@article{dudin2000systems,
  title={Corellated Flow Queueing Systems},
  author={Dudin, A.N. and Klimenok, V.I.},
  journal={Minsk: BSU publ.},
  volume={175},
  year={2000},
  language = {Russian}
}


@phdthesis{lopuhova2008asymptotic,
  title={Asymptotic and numerical methods of research of special flows of homogeneous events},
  author={Lopuhova, Svetlana Vladimirovna},
  school = {Tomsk State University},
  year={2008},
  language = {Russian}
}

@inproceedings{lapatin2019asymptotic,
  title={Asymptotic Analysis of the Output Process in Retrial Queue with Markov-Modulated Poisson Input Under Low Rate of Retrials Condition},
  author={Lapatin, Ivan and Nazarov, Anatoly},
  booktitle={International Conference on Distributed Computer and Communication Networks},
  pages={315--324},
  year={2019},
  organization={Springer}
}

@article{kendall1953stochastic,
  title={Stochastic processes occurring in the theory of queues and their analysis by the method of the imbedded Markov chain},
  author={Kendall, David G},
  journal={The Annals of Mathematical Statistics},
  pages={338--354},
  year={1953},
  publisher={JSTOR}
}

@article{daley1976queueing,
  title={Queueing output processes},
  author={Daley, DJ},
  journal={Advances in Applied Probability},
  volume={8},
  number={2},
  pages={395--415},
  year={1976},
  publisher={Cambridge University Press}
}

@article{artalejo2002standard,
  title={Standard and retrial queueing systems: a comparative analysis.},
  author={Artalejo, Jes{\'u}s and Falin, Gennadi},
  journal={Revista matem{\'a}tica complutense},
  volume={15},
  number={1},
  pages={101--129},
  year={2002}
}

@misc{artalejoretrial,
  title={Retrial queueing systems: a computational approach},
  author={Artalejo, Jesus R and G{\'o}mez-Corral, Antonio},
  doi={10.1007/978-3-540-78725-9},
  year={2008},
  publisher={Springer, Berlin}
}

@article{artalejo2012markovian,
  title={Markovian retrial queues with two way communication},
  author={Artalejo, Jesus R and Phung-Duc, Tuan},
  journal={Journal of industrial and management optimization},
  volume={8},
  number={4},
  pages={781--806},
  year={2012}
}

@article{artalejo2013single,
  title={Single server retrial queues with two way communication},
  author={Artalejo, Jesus R and Phung-Duc, Tuan},
  journal={Applied Mathematical Modelling},
  volume={37},
  number={4},
  pages={1811--1822},
  year={2013},
  publisher={Elsevier}
}

@article{aguir2004impact,
title={The impact of retrials on call center performance},
author={Aguir, Salah and Karaesmen, Fikri and Ak{\c{s}}in, O Zeynep and Chauvet, Fabrice},
journal={OR Spectrum},
volume={26},
number={3},
pages={353--376},
year={2004},
doi={10.1007/s00291-004-0165-7},
publisher={Springer}
}

@article{bhulai2003queueing,
title={A queueing model for call blending in call centers},
author={Bhulai, Sandjai and Koole, Ger},
journal={IEEE Transactions on Automatic Control},
volume={48},
number={8},
pages={1434--1438},
year={2003},
publisher={IEEE}
}

@article{deslauriers2007markov,
title={Markov chain models of a telephone call center with call blending},
author={Deslauriers, Alexandre and L'Ecuyer, Pierre and Pichitlamken, Juta and Ingolfsson, Armann and Avramidis, Athanassios N},
journal={Computers \& operations research},
volume={34},
number={6},
pages={1616--1645},
year={2007},
publisher={Elsevier}
}

@book{falin1997retrial,
title={Retrial queues},
author={Falin, Gennadi and Templeton, James GC},
volume={75},
year={1997},
publisher={CRC Press}
}

@article{phung2014efficient,
title={An efficient method for performance analysis of blended call centers with redial},
author={Phung-Duc, Tuan and Kawanishi, Ken'ichi},
journal={Asia-Pacific Journal of Operational Research},
volume={31},
number={02},
pages={1440008},
year={2014},
doi={10.1142/s0217595914400089},
publisher={World Scientific}
}

@article{sakurai2015two,
  title={Two-way communication retrial queues with multiple types of outgoing calls},
  author={Sakurai, Hiroyuki and Phung-Duc, Tuan},
  journal={Top},
  volume={23},
  number={2},
  pages={466--492},
  year={2015},
  publisher={Springer},
  doi={10.1007/s11750-014-0349-5}
}

@article{arrar2012asymptotic,
title = {On the asymptotic behaviour of M/G/1 retrial queues with batch arrivals and impatience phenomenon},
author = {Arrar, Nawel K and Djellab, Natalia V and Baillon, Jean-Bernard},
journal = {Mathematical and computer modelling},
volume = {55},
number = {3-4},
pages = {654--665},
year = {2012},
publisher = {Elsevier}
}

@article{blom2015analysis,
title = {Analysis of Markov-modulated infinite-server queues in the central-limit regime},
author = {Blom, Joke and De Turck, Koen and Mandjes, Michel},
journal = {Probability in the Engineering and Informational Sciences},
volume = {29},
number = {3},
pages = {433--459},
year = {2015},
publisher = {Cambridge University Press}
}

@article{choi1995m,
title = {M/G/1 retrial queueing systems with two types of calls and finite capacity},
author = {Choi, Bong Dae and Choi, Ki Bong and Lee, Yong Wan},
journal = {Queueing systems},
volume = {19},
number = {1-2},
pages = {215--229},
year = {1995},
doi = {10.1007/BF01148947},
publisher = {Springer}
}

@article{falin1979model,
title = {Model of coupled switching in presence of recurrent calls},
author = {Falin, GI},
journal = {ENGINEERING CYBERNETICS},
volume = {17},
number = {1},
pages = {53--59},
year = {1979},
publisher = {SCRIPTA TECHNICA-JOHN WILEY \& SONS 605 THIRD AVE, NEW YORK, NY10158}
}

@article{falin1993single,
title = {On the single server retrial queue with priority customers},
author = {Falin, GI and Artalejo, Jesus R and Martin, M},
journal = {Queueing systems},
volume = {14},
number = {3-4},
pages = {439--455},
year = {1993},
doi = {10.1007/BF01158878},
publisher = {Springer}
}

@inproceedings{fedorova2015second,
title = {The second order asymptotic analysis under heavy load condition for retrial queueing system MMPP/M/1},
author = {Fedorova, Ekaterina},
booktitle = {International Conference on Information Technologies and Mathematical Modelling},
pages = {344--357},
year = {2015},
doi = {10.1007/978-3-319-25861-4_29},
publisher = {Springer}
}

@article{phung2016retrial,
title = {Retrial queues with balanced call blending: analysis of single-server and multiserver model},
author = {Phung-Duc, Tuan and Rogiest, Wouter and Takahashi, Yutaka and Bruneel, Herwig},
journal = {Annals of Operations Research},
volume = {239},
number = {2},
pages = {429--449},
year = {2016},
doi = {10.1007/s10479-014-1598-2},
publisher = {Springer}
}

@article{tran1997modeling,
title = {Modeling of customer retrial phenomenon in cellular mobile networks},
author = {Tran-Gia, Phuoc and Mandjes, Michel},
journal = {IEEE Journal on selected areas in communications},
volume = {15},
number = {8},
pages = {1406--1414},
year = {1997},
publisher = {IEEE}
}

@article{10.2307/2245084,
  abstract = {We study a system of infinitely many queues with Poisson arrivals and exponential service times. Let the net output process be the difference between the departure process and the arrival process. We impose certain ergodicity conditions on the underlying Markov chain governing the customer path. These conditions imply the existence of an invariant measure under which the average net output process is positive and proportional to the time. Starting the system with that measure, we prove that the net output process is a Poisson process plus a perturbation of order 1. This generalizes the classical theorem of Burke which asserts that the departure process is a Poisson process. An analogous result is proven for the net input process.},
 author = {P. A. Ferrari and L. R. G. Fontes},
 journal = {The Annals of Applied Probability},
 number = {4},
 pages = {1129--1144},
 publisher = {Institute of Mathematical Statistics},
 title = {The Net Output Process of a System with Infinitely many Queues},
 volume = {4},
 year = {1994}
}

@article{bean_green_taylor_1998, title={The output process of an MMPP/M/1 queue}, volume={35}, number={4}, journal={Journal of Applied Probability}, publisher={Cambridge University Press}, author={Bean, Nigel and Green, David and Taylor, Peter}, year={1998}, pages={998–1002}}



@article{nazarov2019slow,
  title={Slow retrial asymptotics for a single server queue with Two-Way communication and Markov Modulated Poisson Input},
  author={Nazarov, Anatoly and Phung-Duc, Tuan and Paul, Svetlana},
  journal={Journal of Systems Science and Systems Engineering},
  volume={28},
  number={2},
  pages={181--193},
  year={2019},
  publisher={Springer}
}