@book{jesus2008retrial,
	title={Retrial Queueing Systems: A Computational Approach},
	author={Artalejo, Jesus R. and Gomez-Corral, A.},
	year={2008},
	publisher={Springer-Verlag Berlin Heidelberg}
}
@book{falin1997retrial,
	title={Retrial queues},
	author={Falin, G. and Templeton, J.},
	volume={75},
	year={1997},
	publisher={CRC Press}
}
@book{egorov2006prog,
	title={Программирование: Учебное методическое пособие},
	author={Егоров, И. М.},
	year={2006},
	pages={79},
	publisher={Томск: Томский межвузовский центр дистанционного образования}
}
@article{artalejo2010accessible,
	title={Accessible bibliography on retrial queues: progress in 2000--2009},
	author={Artalejo, Jesus R},
	journal={Mathematical and computer modelling},
	volume={51},
	number={9-10},
	pages={1071--1081},
	year={2010},
	publisher={Elsevier}
}
@article{falin1979model,
	title={Model of coupled switching in presence of recurrent calls},
	author={Falin, G.},
	journal={Engineering Cybernetics},
	volume={17},
	number={1},
	pages={53--59},
	year={1979},
	publisher={SCRIPTA TECHNICA-JOHN WILEY \& SONS 605 THIRD AVE, NEW YORK, NY 10158}
}
@article{artalejo2010mean,
	title={Mean value analysis of single server retrial queues},
	author={Artalejo, Jesus R. and Resing, JAC.},
	journal={Asia-Pacific Journal of Operational Research},
	volume={27},
	number={03},
	pages={335--345},
	year={2010},
	publisher={World Scientific}
}
@book{nazarov2010theory,
	title={Теория массового обслуживания:[учебное пособие по специальностям 010200 (010501)" Прикладная математика и информатика", 061800 (080116)" Математические методы в экономике"},
	author={Назаров, А. А. and Терпугов, А. Ф.},
	year={2010},
	publisher={Томск: Изд-во НТЛ}
}
@article{erlang1909theory,
	title={The theory of probabilities and telephone conversations},
	author={Erlang, A. K.},
	journal={Nyt. Tidsskr. Mat. Ser. B},
	volume={20},
	pages={33--39},
	year={1909}
}
@mastersthesis{bjornstad2006traffic,
	title={Traffic characteristics and queueing theory: implications and applications to web server systems},
	author={Bjornstad, J. H.},
	year={2006}
}
@article{kritzinger1986performance,
	title={A performance model of the OSI communication architecture},
	author={Kritzinger, P.},
	journal={IEEE transactions on communications},
	volume={34},
	number={6},
	pages={554--563},
	year={1986},
	publisher={IEEE}
}
@book{olypher2010computer,
	title={Компьютерные сети. Принципы, технологии, протоколы},
	author={Олифер, В. Г. and Олифер, Н. А.},
	year={2010},
	publisher={Питер}
}
@article{fischer1993markov,
	title={The Markov-modulated Poisson process (MMPP) cookbook},
	author={Fischer, W. and Meier-Hellstern, K.},
	journal={Performance evaluation},
	volume={18},
	number={2},
	pages={149--171},
	year={1993},
	publisher={Elsevier}
}
@article{meier1986statistical,
	title={A Statistical procedure for fitting Markov-modulated Poisson process (applied probability).},
	author={Meiert, K. S.},
	year={1986}
}
@article{meier1987fitting,
	title={A fitting algorithm for Markov-modulated Poisson processes having two arrival rates},
	author={Meier-Hellstern, K.},
	journal={European Journal of Operational Research},
	volume={29},
	number={3},
	pages={370--377},
	year={1987},
	publisher={Elsevier}
}
@inproceedings{muscariello2004mmpp,
	title={An MMPP-based hierarchical model of Internet traffic},
	author={Muscariello, L. and Meillia, M. and Meo, M. and Marsan, M. A. and Cigno, R. L.},
	booktitle={2004 IEEE International Conference on Communications (IEEE Cat. No. 04CH37577)},
	volume={4},
	pages={2143--2147},
	year={2004},
	organization={IEEE}
}
@article{baiocchi1993steady,
	title={Steady-state analysis of the MMPP/G/1/K queue},
	author={Baiocchi, A. and Blefari-Melazzi, N.},
	journal={IEEE transactions on communications},
	volume={41},
	number={4},
	pages={531--534},
	year={1993},
	publisher={IEEE}
}
@article{phung2019retrial,
	title={Retrial queueing models: A survey on theory and applications},
	author={Phung-Duc, T.},
	journal={arXiv preprint arXiv:1906.09560},
	year={2019}
}
@misc{QtDoc,
  title = {QT Documentation},
  howpublished = {\url{https://doc.qt.io/}},
  note = {Accessed: 2021-05-29}
}
@article{christensen2010ieee,
	title={IEEE 802.3 az: the road to energy efficient ethernet},
	author={Christensen, K. and Reviriego, P. and Nordman, B. and Bennett, M. and Mostowfi, M. and Maestro, J. A.},
	journal={IEEE Communications Magazine},
	volume={48},
	number={11},
	pages={50--56},
	year={2010},
	publisher={Ieee}
}
@article{bellovin2003icmp,
	title={ICMP traceback messages},
	author={Bellovin, S. M. and Leech, M. and Taylor, T.},
	year={2003}
}
@techreport{deering1991icmp,
	title={ICMP router discovery messages},
	author={Deering, S.},
	year={1991},
	institution={RFC 1256, September}
}
@article{nutt1982performance,
	title={Performance of CSMA/CD networks under combined voice and data loads},
	author={Nutt, G. and Bayer, D.},
	journal={IEEE Transactions on Communications},
	volume={30},
	number={1},
	pages={6--11},
	year={1982},
	publisher={IEEE}
}
@inproceedings{blaginin2020two,
	title={The Two-Dimensional Output Process of Retrial Queue with Two-Way Communication},
	author={Blaginin, A. L. and Lapatin, I. L.},
	booktitle={Information Technologies and Mathematical Modelling. Queueing Theory and Applications: 19th International Conference, ITMM 2020, Named after AF Terpugov, Tomsk, Russia, December 2--5, 2020, Revised Selected Papers},
	pages={279--290},
	organization={Springer Nature}
}
@article{lapatin2020asymptotic,
	title={Asymptotic analysis of the output process in retrial queue with two-way communication and MAP input},
	author={Lapatin, I. L. and Nazarov, A. A. and Blaginin, A. L.},
	year={2020}
}

@article{
	kendall1953stochastic,
	title={Stochastic processes occurring in the theory of queues and their analysis by the method of the imbedded Markov chain},
	author={Kendall, D. G.},
	journal={The Annals of Mathematical Statistics},
	pages={338--354},
	year={1953},
	publisher={JSTOR}
}


@article{kulkarni1983queueing,
	title={On queueing systems with retrials},
	author={Kulkarni, V. G.},
	journal={Journal of Applied Probability},
	pages={380--389},
	year={1983},
	publisher={JSTOR}
}
@article{gharbi2011algorithmic,
	title={An algorithmic approach for analysis of finite-source retrial systems with unreliable servers},
	author={Gharbi, N. and Dutheillet, C.},
	journal={Computers \& Mathematics with Applications},
	volume={62},
	number={6},
	pages={2535--2546},
	year={2011},
	publisher={Elsevier}
}
@article{nazarov2017asymptotic,
	title={Asymptotic analysis of Markovian retrial queue with two-way communication under low rate of retrials condition},
	author={Nazarov, A. A. and Paul, S. and Gudkova, I.},
	year={2017}
}
@article{burke1968output,
	title={The output process of a stationary M/M/s queueing system},
	author={Burke, P. J.},
	journal={The Annals of Mathematical Statistics},
	volume={39},
	number={4},
	pages={1144--1152},
	year={1968},
	publisher={JSTOR}
}
@book{bronson1991matrix,
	title={Matrix methods: An introduction},
	author={Bronson, R.},
	year={1991},
	publisher={Gulf Professional Publishing}
}
@inproceedings{2019asymptotic,
	title={Asymptotic Analysis of the Output Process in Retrial Queue with Markov-Modulated Poisson Input Under Low Rate of Retrials Condition},
	author={Lapatin, I. L. and Nazarov, A. A.},
	booktitle={International Conference on Distributed Computer and Communication Networks},
	pages={315--324},
	year={2019},
	organization={Springer}
}
@incollection{paul2018retrial,
	title={Retrial Queueing Model with Two-Way Communication, Unreliable Server and Resume of Interrupted Call for Cognitive Radio Networks},
	author={Paul, S. and Phung-Duc, T.},
	booktitle={Information Technologies and Mathematical Modelling. Queueing Theory and Applications},
	pages={213--224},
	year={2018},
	publisher={Springer}
}
@article{mirasol1963letter,
	title={The output of an M/G/$\infty$ queuing system is poisson},
	author={Mirasol, N. M.},
	journal={Operations Research},
	volume={11},
	number={2},
	pages={282--284},
	year={1963},
	publisher={INFORMS}
}
@article{daley1976queueing,
	title={Queueing output processes},
	author={Daley, D. J.},
	journal={Advances in Applied Probability},
	volume={8},
	number={2},
	pages={395--415},
	year={1976},
	publisher={Cambridge University Press}
}
@inproceedings{wieland2003queueing,
	title={Queueing network simulation analysis: queueing-network stability: simulation-based checking},
	author={Wieland, J. R. and Pasupathy, R. and Schmeiser, B. W.},
	booktitle={Proceedings of the 35th conference on Winter simulation: driving innovation},
	pages={520--527},
	year={2003}
}
@inproceedings{lee2003icmp,
	title={ICMP traceback with cumulative path, an efficient solution for IP traceback},
	author={Lee, H. and Thing, V. L. and Xu, Y. and Ma, M.},
	booktitle={International Conference on Information and Communications Security},
	pages={124--135},
	year={2003},
	organization={Springer}
}

@misc{evm,
	title = {ПрЭВМ №2020664030},
	howpublished = {\url{https://new.fips.ru/registers-doc-view/fips_servlet?DB=EVM&DocNumber=2020664929&TypeFile=html}},
	note = {Accessed: 2021-06-02}
}

@inproceedings{itmm_2021,
	title={Исследование двумерного выходящего потока марковской модели узла обработки запросов с повторными обращениями и вызываемыми заявками},
	author={Благинин, А. and Лапатин, И. and Назаров, А.},
	year={2021},
	booktitle={Информационные технологии и математическое моделирование (ИТММ-2020) : материалы XIX Международной конференции имени А. Ф. Терпугова},
	publisher={Томск: Изд-во НТЛ}
	pages={159--165}
}

@inproceedings{icsm,
	title={Asymptotic Analysis of the Output Process in Retrial Queue with Two-Way Communication and MAP Input},
	author={Lapatin, I. L. and Nazarov, A. A. and Blaginin , A. L.},
	year={2020},
	booktitle={Пятая Международная конференция по стохастическим методам (МКСМ-5) : материалы Международной научной конференции},
	publisher={Изд-во РУДН}
	pages={340--344}
}

@inproceedings{mpmo,
	title={Исследование выходящего потока марковской модели узла обработки запросов с повторными обращениями и вызываемыми заявками},
	author={Лапатин, И. Л. and Назаров, А. А. and Благинин, А. Л.},
	year={2020},
	booktitle={Математика, ее приложения и математическое образование (МПМО’20) : материалы VII Международной конференции},
	publisher={Улан-Удэ: Изд-во ВСГУТУ}
	pages={157--159}
}